@misc{android,
organization = {Android Open Source Project},
title = {Reference},
year = {2013},
url = {http://developer.android.com/reference/packages.html}
}
@misc{Intent,
organization = {Android Open Source Project},
title = {Intent},
year = {2013},
url = {http://developer.android.com/reference/android/content/Intent.html}
}
@misc{Bundle,
organization = {Android Open Source Project},
title = {Bundle},
year = {2013},
url = {http://developer.android.com/reference/android/os/Bundle.html}
}
@misc{lm,
organization = {Android Open Source Project},
title = "LoaderManager",
year = "2013",
url = "http://developer.android.com/reference/android/app/LoaderManager.html"
}
@misc{multi,
organization = {Android Open Source Project},
title = {Multi-pane Layout},
year = {2013},
url = "http://developer.android.com/design/patterns/multi-pane-layouts.html"
}
@misc{fragments,
organization = {Android Open Source Project},
title = "Building a Dynamic UI with Fragments",
year = "2013",
url = "http://developer.android.com/training/basics/fragments/index.html"
}
@misc{sqlite,
organization = {Android Open Source Project},
title = "Saving Data in SQL Databases",
year = "2013",
url = "http://developer.android.com/training/basics/data-storage/databases.html"
}
@misc{vogella,
author = "Lars Vogel",
title = "Android SQLite Database and ContentProvider - Tutorial",
year = "2013",
month = "June",
day = "6",
url = "http://www.vogella.com/articles/AndroidSQLite/article.html"
}
@misc{Ravi,
author = "Ravi Tamada",
title = "Android SQLite Database Tutorial",
year = "2012",
url = "http://www.androidhive.info/2011/11/android-sqlite-database-tutorial/"
}
@misc{helper,
organization = {Android Open Source Project},
title = "SQLiteOpenHelper",
year = "2013",
url = "http://developer.android.com/reference/android/database/sqlite/SQLiteOpenHelper.html"
}
@misc{listview,
organization = {Android Open Source Project},
title = "ListView",
year = "2013",
url = "http://developer.android.com/guide/topics/ui/layout/listview.html#Example"
}
@misc{gridview,
organization = {Android Open Source Project},
title = "GridView",
year = "2013",
url = "http://developer.android.com/reference/android/widget/GridView.html"
}
@misc{gradleware,
organization = "Gradleware Inc",
title = "Gradle: The New Android Build System",
year = "2013",
url = "http://www.gradleware.com/resources/tech/android"
}
@misc{R,
organization = {Android Open Source Project},
title = "R",
year = "2013",
url = "http://developer.android.com/reference/android/R.html"
}
@misc{gradle,
organization = "Gradleware Inc.",
title = "Overview",
year = "2013",
url = "http://www.gradle.org/overview"
}
@misc{SimpleCursorAdapter,
organization = {Android Open Source Project},
title = "SimpleCursorAdapter",
year = "2013",
url = "http://developer.android.com/reference/android/support/v4/widget/SimpleCursorAdapter.html"
}
@misc{Adapter,
organization = {Android Open Source Project},
title = "Adapter",
year = "2013",
url = "http://developer.android.com/reference/android/widget/Adapter.html"
}
@misc{ArrayAdapter,
organization = {Android Open Source Project},
title = "ArrayAdapter",
year = "2013",
url = "http://developer.android.com/reference/android/widget/ArrayAdapter.html"
}
@misc{Cursor,
organization = {Android Open Source Project},
title = "Cursor",
year = "2013",
url = "http://developer.android.com/reference/android/database/Cursor.html"
}
@misc{TextView,
organization = {Android Open Source Project},
title = "TextView",
year = "2013",
url = "http://developer.android.com/reference/android/widget/TextView.html"
}
@misc{ListActivity,
organization = {Android Open Source Project},
title = "ListActivity",
year = "2013",
url = "http://developer.android.com/reference/android/app/ListActivity.html"
}
@misc{ListView,
organization = {Android Open Source Project},
title = "ListView",
year = "2013",
url = "http://developer.android.com/reference/android/widget/ListView.html"
}

