@misc{android,
organization = {Android Open Source Project},
title = {Reference},
year = {2013},
url = {http://developer.android.com/reference/packages.html}
}
@misc{multi,
organization = {Android Open Source Project},
title = {Multi-pane Layout},
year = {2013},
url = "http://developer.android.com/design/patterns/multi-pane-layouts.html"
}
@misc{fragments,
organization = {Android Open Source Project},
title = "Building a Dynamic UI with Fragments",
year = "2013",
url = "http://developer.android.com/training/basics/fragments/index.html"
}
@misc{sqlite,
organization = {Android Open Source Project},
title = "Saving Data in SQL Databases",
year = "2013",
url = "http://developer.android.com/training/basics/data-storage/databases.html"
}
@misc{vogella,
author = "Lars Vogel",
title = "Android SQLite Database and ContentProvider - Tutorial",
year = "2013",
month = "June",
day = "6",
url = "http://www.vogella.com/articles/AndroidSQLite/article.html"
}
@misc{Ravi,
author = "Ravi Tamada",
title = "Android SQLite Database Tutorial",
year = "2012",
url = "http://www.androidhive.info/2011/11/android-sqlite-database-tutorial/"
}
@misc{helper,
organization = {Android Open Source Project},
title = "SQLiteOpenHelper",
year = "2013",
url = "http://developer.android.com/reference/android/database/sqlite/SQLiteOpenHelper.html"
}
@misc{listview,
organization = {Android Open Source Project},
title = "ListView",
year = "2013",
url = "http://developer.android.com/guide/topics/ui/layout/listview.html#Example"
}
@misc{gradleware,
organization = "Gradleware Inc",
title = "Gradle: The New Android Build System",
year = "2013",
url = "http://www.gradleware.com/resources/tech/android"
}
@misc{R,
organization = {Android Open Source Project},
title = "R",
year = "2013",
url = "http://developer.android.com/reference/android/R.html"
}
@misc{gradle,
organization = "Gradleware Inc.",
title = "Overview",
year = "2013",
url = "http://www.gradle.org/overview"
}

